<?xml version="1.0" ?>
<collection>
<record xmlns:marc="http://www.loc.gov/MARC21/slim"><leader>03883nam a2200433Ii 4500</leader><controlfield tag="001">in00005603220</controlfield><controlfield tag="003">OCoLC</controlfield><controlfield tag="005">20220616152720.0</controlfield><controlfield tag="008">161026s2015    ru       b    110 0 rus d</controlfield><datafield ind1=" " ind2=" " tag="020"><subfield code="a">9785954002904</subfield></datafield><datafield ind1=" " ind2=" " tag="020"><subfield code="a">5954002908</subfield></datafield><datafield ind1=" " ind2=" " tag="035"><subfield code="a">(OCoLC)936377680</subfield></datafield><datafield ind1=" " ind2=" " tag="040"><subfield code="a">EEM</subfield><subfield code="b">eng</subfield><subfield code="e">rda</subfield><subfield code="c">EEM</subfield><subfield code="d">UtOrBLW</subfield></datafield><datafield ind1=" " ind2=" " tag="049"><subfield code="a">EEMR</subfield></datafield><datafield ind1=" " ind2=" " tag="090"><subfield code="a">PG3337.L42</subfield><subfield code="b">V74 2014</subfield></datafield><datafield ind1="2" ind2=" " tag="111"><subfield code="6">880-01</subfield><subfield code="a">Vserossiĭskai︠a︡ nauchnai︠a︡ konferent︠s︡ii︠a︡ s mezhdunarodnym uchastiem "Problemy rossiĭskogo samosoznanii︠a︡"</subfield><subfield code="n">(11th :</subfield><subfield code="d">2014 :</subfield><subfield code="c">Moscow, Penza, Tarkhany, Russia),</subfield><subfield code="j">creator.</subfield></datafield><datafield ind1="1" ind2="0" tag="245"><subfield code="6">880-02</subfield><subfield code="a">Problemy rossiĭskogo samosoznanii︠a︡ :</subfield><subfield code="b">mirovozzrenie M.I︠U︡. Lermontova k 200-letii︠u︡ so dni︠a︡ rozhdenii︠a︡ poėta materialy 11-ĭ Vserossiĭskoĭ konferent︠s︡ii, 2 okti︠a︡bri︠a︡ 2014 g., 8-9 okti︠a︡bri︠a︡ 2014 g., Moskva--Penza--Tarkhany /</subfield><subfield code="c">Pod obshcheĭ redakt︠s︡ieĭ doktora filosofskikh nauk S.A. Nikolʹskogo.</subfield></datafield><datafield ind1="3" ind2="0" tag="246"><subfield code="6">880-03</subfield><subfield code="a">Mirovozzrenie M.I︠U︡. Lermontova k 200-letii︠u︡ so dni︠a︡ rozhdenii︠a︡ poėta materialy 11-ĭ Vserossiĭskoĭ konferent︠s︡ii, 2 okti︠a︡bri︠a︡ 2014 g., 8-9 okti︠a︡bri︠a︡ 2014 g., Moskva--Penza--Tarkhany</subfield></datafield><datafield ind1=" " ind2="1" tag="264"><subfield code="6">880-04</subfield><subfield code="a">Moskva :</subfield><subfield code="b">Rossiĭskai︠a︡ akademii︠a︡ nauk, Institut filosofii,</subfield><subfield code="c">2015.</subfield></datafield><datafield ind1=" " ind2=" " tag="300"><subfield code="a">120 pages ;</subfield><subfield code="c">21 cm</subfield></datafield><datafield ind1=" " ind2=" " tag="336"><subfield code="a">text</subfield><subfield code="b">txt</subfield><subfield code="2">rdacontent</subfield></datafield><datafield ind1=" " ind2=" " tag="337"><subfield code="a">unmediated</subfield><subfield code="b">n</subfield><subfield code="2">rdamedia</subfield></datafield><datafield ind1=" " ind2=" " tag="338"><subfield code="a">volume</subfield><subfield code="b">nc</subfield><subfield code="2">rdacarrier</subfield></datafield><datafield ind1=" " ind2=" " tag="500"><subfield code="a">Conference proceedings.</subfield></datafield><datafield ind1=" " ind2=" " tag="504"><subfield code="a">Includes bibliographical references.</subfield></datafield><datafield ind1="1" ind2=" " tag="583"><subfield code="3">copy1</subfield><subfield code="a">Committed to retain</subfield><subfield code="c">20200101</subfield><subfield code="d">20341231</subfield><subfield code="f">MI-SPI</subfield><subfield code="u">http://www.mcls.org/engagement/mi-spi/</subfield><subfield code="5">MiEM</subfield></datafield><datafield ind1="1" ind2="0" tag="600"><subfield code="a">Lermontov, Mikhail I︠U︡rʹevich,</subfield><subfield code="d">1814-1841</subfield><subfield code="v">Congresses.</subfield><subfield code="0">http://id.loc.gov/authorities/names/n81032540</subfield></datafield><datafield ind1="1" ind2=" " tag="700"><subfield code="6">880-05</subfield><subfield code="a">Lermontov, Mikhail I︠U︡rʹevich,</subfield><subfield code="d">1814-1841,</subfield><subfield code="e">honouree.</subfield><subfield code="0">http://id.loc.gov/authorities/names/n81032540</subfield></datafield><datafield ind1="1" ind2=" " tag="700"><subfield code="6">880-06</subfield><subfield code="a">Nikolʹskiĭ, S. A.</subfield><subfield code="q">(Sergeĭ Anatolʹevich),</subfield><subfield code="d">1950-</subfield><subfield code="e">editor.</subfield><subfield code="0">http://id.loc.gov/authorities/names/n90602928</subfield></datafield><datafield ind1="2" ind2=" " tag="710"><subfield code="6">880-07</subfield><subfield code="a">Institut filosofii (Rossiĭskai︠a︡ akademii︠a︡ nauk),</subfield><subfield code="e">publisher,</subfield><subfield code="e">issuing body.</subfield><subfield code="0">http://id.loc.gov/authorities/names/n92094847</subfield></datafield><datafield ind1="2" ind2=" " tag="880"><subfield code="6">111-01</subfield><subfield code="a">Всероссийская научная конференция с международным участием "Проблемы российского самосознания" </subfield><subfield code="n">(11th :</subfield><subfield code="d">2014 :</subfield><subfield code="c">Moscow, Penza, Tarkhany, Russia),</subfield><subfield code="j">creator.</subfield></datafield><datafield ind1="1" ind2="0" tag="880"><subfield code="6">245-02</subfield><subfield code="a">Проблемы российского самосознания :</subfield><subfield code="b">мировоззрение М.Ю. Лермонтова к 200-летию со дня рождения поэта материалы 11-й Всероссийской конференции, 2 октября 2014 г., 8-9 октября 2014 г., Москва--Пенза--Тарханы /</subfield><subfield code="c">Под общей редакцией доктора философских наук С.А. Никольского.</subfield></datafield><datafield ind1="3" ind2="0" tag="880"><subfield code="6">246-03</subfield><subfield code="a">Мировоззрение М.Ю. Лермонтова к 200-летию со дня рождения поэта материалы 11-й Всероссийской конференции, 2 октября 2014 г., 8-9 октября 2014 г., Москва--Пенза--Тарханы</subfield></datafield><datafield ind1=" " ind2="1" tag="880"><subfield code="6">264-04</subfield><subfield code="a">Москва :</subfield><subfield code="b">Российская академия наук, Институт философии, </subfield><subfield code="c">2015.</subfield></datafield><datafield ind1="1" ind2=" " tag="880"><subfield code="6">700-05</subfield><subfield code="a">Лермонтов, Михаил Юрьевич,</subfield><subfield code="d">1814-1841,</subfield><subfield code="e">honoree.</subfield></datafield><datafield ind1="1" ind2=" " tag="880"><subfield code="6">700-06</subfield><subfield code="a">Никольский, С. А.</subfield><subfield code="q">(Сергей Анатольевич),1950-,</subfield><subfield code="e">editor.</subfield></datafield><datafield ind1="2" ind2=" " tag="880"><subfield code="6">710-07</subfield><subfield code="a">Институт философии (Российская академия наук),</subfield><subfield code="e">publisher,</subfield><subfield code="e">issuing body.</subfield></datafield><datafield ind1=" " ind2=" " tag="907"><subfield code="y">.b120812277</subfield><subfield code="b">211114</subfield><subfield code="c">161117</subfield></datafield><datafield ind1=" " ind2=" " tag="998"><subfield code="a">mn</subfield><subfield code="b">161202</subfield><subfield code="c">m</subfield><subfield code="d">a  </subfield><subfield code="e">-</subfield><subfield code="f">rus</subfield><subfield code="g">ru </subfield><subfield code="h">0</subfield><subfield code="i">1</subfield></datafield><datafield ind1="f" ind2="f" tag="999"><subfield code="i">117b14f1-8647-582c-917f-359eff2bb4ca</subfield><subfield code="s">b4db4d2f-5879-511a-b54e-039bd89eaf78</subfield><subfield code="t">0</subfield></datafield><datafield ind1="f" ind2="f" tag="952"><subfield code="p">Can Circulate</subfield><subfield code="a">Michigan State University-Library of Michigan</subfield><subfield code="b">Michigan State University</subfield><subfield code="c">MSU Main Library</subfield><subfield code="d">MSU Main Library</subfield><subfield code="t">0</subfield><subfield code="e">PG3337.L42 V74 2014</subfield><subfield code="h">Library of Congress classification</subfield><subfield code="i">Printed Material</subfield><subfield code="m">31293034189872</subfield><subfield code="n">1</subfield></datafield></record>
</collection>
